<record><leader>00000cas a22000007a 4500</leader><controlfield tag="001">11627428</controlfield><controlfield tag="008">850128c19859999mduwr ne      0   a0eng d</controlfield><datafield ind1=" " ind2=" " tag="010"><subfield code="a">sn 85000370 </subfield></datafield><datafield ind1=" " ind2=" " tag="040"><subfield code="a">NSD</subfield><subfield code="b">eng</subfield><subfield code="c">NSD</subfield><subfield code="d">MFN</subfield><subfield code="d">OCLCQ</subfield></datafield><datafield ind1=" " ind2=" " tag="012"><subfield code="m">1</subfield></datafield><datafield ind1="1" ind2=" " tag="022"><subfield code="a">8756-6397</subfield><subfield code="l">8756-6397</subfield><subfield code="2">1</subfield></datafield><datafield ind1=" " ind2=" " tag="032"><subfield code="a">332140</subfield><subfield code="b">USPS</subfield></datafield><datafield ind1=" " ind2=" " tag="042"><subfield code="a">nsdp</subfield></datafield><datafield ind1=" " ind2="4" tag="050"><subfield code="a">F187</subfield><subfield code="b">.S7</subfield></datafield><datafield ind1="0" ind2=" " tag="130"><subfield code="a">Somerset herald (Princess Anne, Md. : 1985)</subfield></datafield><datafield ind1=" " ind2="0" tag="222"><subfield code="a">Somerset herald</subfield></datafield><datafield ind1="1" ind2="0" tag="245"><subfield code="a">Somerset herald.</subfield></datafield><datafield ind1=" " ind2=" " tag="260"><subfield code="a">Princess Anne, Md. :</subfield><subfield code="b">Atlantic Pub.</subfield></datafield><datafield ind1=" " ind2=" " tag="310"><subfield code="a">Weekly</subfield></datafield><datafield ind1="0" ind2=" " tag="362"><subfield code="a">Vol. 159, no. 40 (Jan. 2, 1985)-</subfield></datafield><datafield ind1=" " ind2=" " tag="752"><subfield code="a">United States</subfield><subfield code="b">Maryland</subfield><subfield code="c">Somerset</subfield><subfield code="d">Princess Anne.</subfield></datafield><datafield ind1="0" ind2="0" tag="780"><subfield code="t">Marylander and herald</subfield><subfield code="w">(DLC)sn 89060234</subfield></datafield><datafield ind1=" " ind2=" " tag="936"><subfield code="a">Jan. 2, 1985</subfield></datafield></record>